@book{Aris_62,
  title = {Vectors, {{Tensors}} and the {{Basic Equations}} of {{Fluid Mechanics}}},
  author = {Aris, Rutherford},
  date = {1962},
  % eprint = {OkHCAgAAQBAJ},
  % eprinttype = {googlebooks},
  publisher = {{Courier Corporation}},
  isbn = {978-0-486-13489-5},
  langid = {english},
  pagetotal = {322}
}

@article{DombreEtAl_86,
  title = {Chaotic Streamlines in the {{ABC}} Flows},
  author = {Dombre, T. and Frisch, U. and Greene, J. M. and HÃ©non, M. and Mehr, A. and Soward, A. M.},
  date = {1986-06},
  journaltitle = {Journal of Fluid Mechanics},
  volume = {167},
  pages = {353--391},
  publisher = {{Cambridge University Press}},
  issn = {1469-7645, 0022-1120},
  doi = {10.1017/S0022112086002859},
  % url = {https://www.cambridge.org/core/journals/journal-of-fluid-mechanics/article/chaotic-streamlines-in-the-abc-flows/7139EDCF0CC8A9B4D9D749B1FAA6CE54},
  % urldate = {2023-02-16},
  langid = {english}
}
